@article{1,
  author       = {Li, W. and Xiao, Y. and Hu, H. and others},
  title        = {Retinal Vessel Segmentation Based on B-COSFIRE Filters in Fundus Images},
  journal      = {Frontiers in Public Health},
  volume       = {10},
  pages        = {914973},
  year         = {2022},
  doi          = {10.3389/fpubh.2022.914973}
}

@article{review2022,
  author       = {Khandouzi, A. and Ariafar, A. and Mashayekhpour, Z. and Pazira, M. and Baleghi, Y.},
  title        = {Retinal Vessel Segmentation, a Review of Classic and Deep Methods},
  journal      = {Annals of Biomedical Engineering},
  volume       = {50},
  number       = {10},
  pages        = {1292--1314},
  year         = {2022},
  doi          = {10.1007/s10439-022-03058-0}
}

@article{review2025,
  author       = {Liu, Z. and Sunar, M. S. and Tan, T. S. and Hitam, W. H. W.},
  title        = {Deep learning for retinal vessel segmentation: a systematic review of techniques and applications},
  journal      = {Medical \& Biological Engineering \& Computing},
  year         = {2025},
  note         = {Published online February 18, 2025},
  doi          = {10.1007/s11517-025-03324-y}
}

@article{work1,
  author       = {Li, Y. and Zhang, Y. and Liu, J. Y. and others},
  title        = {Global Transformer and Dual Local Attention Network via Deep-Shallow Hierarchical Feature Fusion for Retinal Vessel Segmentation},
  journal      = {IEEE Transactions on Cybernetics},
  volume       = {53},
  number       = {9},
  pages        = {5826--5839},
  year         = {2023},
  doi          = {10.1109/TCYB.2022.3194099}
}

@article{work2,
  author       = {Li, D. and Rahardja, S.},
  title        = {BSEResU-Net: An attention-based before-activation residual U-Net for retinal vessel segmentation},
  journal      = {Computer Methods and Programs in Biomedicine},
  volume       = {205},
  pages        = {106070},
  year         = {2021},
  doi          = {10.1016/j.cmpb.2021.106070}
}

@article{work3,
  author       = {Liu, M. and Wang, Z. and Li, H. and Wu, P. and Alsaadi, F. E. and Zeng, N.},
  title        = {AA-WGAN: Attention augmented Wasserstein generative adversarial network with application to fundus retinal vessel segmentation},
  journal      = {Computers in Biology and Medicine},
  volume       = {158},
  pages        = {106874},
  year         = {2023},
  doi          = {10.1016/j.compbiomed.2023.106874}
}
